@manual{inmetro2003,
	Author = {INMETRO},
	Title = {Vocabulário internacional de termos fundamentais e gerais de
	metrologia},
	Year = {2013},
	Address = {Rio de Janeiro, Brasil},
	Pages = {75},
	isbn = {85-87090-90-9},
}

@inproceedings{soviero1997,
	Author = {P. A. O. Soviero and L. G. M. Lavagna},
	Title = {A Numerical Model for Thin Airfoils in Unsteady Motion},
	Year = {1997},
	Pages = {332-340},
	Volume = {19},
	Number = {3},
	Booktitle = {Journal of the Brazilian Societyt Mechanical Sciences},
}

@inproceedings{sparrow1980,
	Author = {E. M. Sparrow},
	Title = {Forced Convection Heat Transfer in a Duct Having Spanwise-Periodic
	Rectangular Protuberances},
	Year = {1980},
	Pages = {149-167},
	Volume = {3},
	Booktitle = {Numerical Heat Transfer},
}

@article{clark1986,
	Author = {J. A. Clark},
	Title = {Private Communication},
	Year = {1986},
	Address = {University of Michigan},
}

@article{arruda2007,
	Author = {M. B. B. Arruda},
	Title = {Como fazer referências: bibliográficas, eletrônicas e demais
	formas de documentos},
	Year = {2007},
	Url = {http://bu.ufsc.br/framerefer.html}
}

@article{coimbra1978,
	Author = {A. L. Coimbra},
	Title = {Lessons of Continuum Mechanics},
	Year = {1978},
	Address = {São Paulo, Brazil},
	Pages = {428},
	Editor = {Edgard Blücher},
}

@inproceedings{bordalo1989,
	Author = {S. N. Bordalo and J. H. Ferziger and S. J. Kline},
	Title = {The Development of Zonal Models for Turbulence},
	Year = {1989},
	Pages = {41-44},
	Booktitle = {Proceedings of the 10th Brazilian Congress of Mechanical
	Engineering},
	Volume = {1},
}

@manual{NBR14724:2011,
	Address = {Rio de Janeiro},
	Date-Added = {2012-12-15 20:34:08 +0000},
	Date-Modified = {2012-12-15 20:35:25 +0000},
	Month = mar,
	Org-Short = {ABNT},
	Organization = {Associa{\c c}\~ao Brasileira de Normas T\'ecnicas},
	Pages = 15,
	Subtitle = {Informa{\c c}\~ao e documenta{\c c}\~ao --- trabalhos acad\^emicos --- apresenta{\c c}\~ao},
	Title = {{NBR} 14724},
	Year = 2011
}

@manual{NBR6034:2000,
	Address = {Rio de Janeiro},
	Org-Short = {ABNT},
	Organization = {Associa{\c c}\~ao Brasileira de Normas T\'ecnicas},
	Subtitle = {Informa{\c c}\~ao e documenta{\c c}\~ao --- Referências},
	Title = {{NBR} 14724},
	Year = 2000
}

@manual{costa,
	Author = {COSTA, A. H. P.},
	Booktitle = {Engenharia de Tráfego: Conceitos Básicos},
	Title = {Agile Software Requirements},
	Year = {2008},
	Url = {http://www.estgv.ipv.pt/PaginasPessoais/vasconcelos/ Documentos/ManualdeAcessibilidades/ManuaisCCDRNmiolo_AF/01EngTrafego_AF.pdf}
}

@manual{mfc,
	Author = {Continental},
	Title = {MFC 2: Multi-Function Camera},
	Year = {2009},
	Url = {http://www.conti-online.com/www/download/industrial_sensors_de_en/themes/download/mfc_2_datasheet_091216_en.pdf}
}

@manual{ministerio,
	Author = {MT, Ministério dos Transportes},
	Title = {Número de acidentes por gravidade da ocorrência},
	Year = {2011},
	Url = {https://189.9.128.64/download/rodovias/operacoes-rodoviarias/estatisticas-de-acidentes/quadro-0101-numerodeacidentesporgravidade-anode2011.pdf}
}


@article{cunningham,
	Author = {W. Cunningham},
	Title = {The WyCash portfolio management system},
	Year = {1993},
	Address = {ACM SIGPLAN OOPS Messenger},
}

@article{mapping,
	Author = {Z. Li, P. Avgeriou},
	Title = {A systematic mapping study on technical debt and its management},
	Year = {2015},
	Address = {J. Syst. Softw.},
}

@article{siebra,
	Author = {C. A. Siebra, A. Cavalcanti},
	Title = {Applying Metrics to Identify and Monitor Technical Debt Items during Software Evolution},
	Year = {2014},
}

@article{principal,
	Author = {B. Curtis, J. Sappidi, A. Szynkarski},
	Title = {Estimating the Principal of an Application’s Technical Debt},
	Year = {2012},
	Address = {IEEE Softw},
}

@article{letouzey,
	Author = {J.L. Letouzey},
	Title = {The SQALE method for evaluating technical debt},
	Year = {2012},
	Address = {Proceedings of the Third International Workshop on Managing Technical Debt},
}

@article{schmid,
	Author = {K. Schmid},
	Title = {On the limits of the technical debt metaphor: Some guidance on going beyond},
	Year = {2013},
	Address = {Proceedings of the 4th International Workshop on Managing Technical Debt},
}

@article{souza,
	Author = {L. P. de Souza, R. M. da C. Figueiredo},
	Title = {Application of the Scrum Agile Framework to the Management Process of Software Development Outsourcing in a Brazilian Government Agency},
	Year = {2015},
	Address = {In 12th International Conference on Information Systems and Technology Management, 2015},
}

@article{brito,
	Author = {M. F. Brito, R. M. da C. Figueiredo},
	Title = {Knowledge Transfer in Outsourcing Software Development Projects},
	Year = {2015},
	Address = {In 12th International Conference on Information Systems and Technology Management},
}

@article{serrano,
	Author = {M. Serrano, M. Serrano},
	Title = {Reference Software Architecture for Government Information Systems},
	Year = {2015},
	Address = {SBSI},
}

@article{magalhaes,
	Author = {G. M. Magalhães},
	Title = {Vantagens e desvantagens da terceirização dos serviços de tecnologia da informação na diretoria de tecnologia do Banco do Brasil},
	Year = {2012},
}

@article{oliveira,
	Author = {R. Oliveira},
	Title = {Theoretical Characterization and Conceptualization of the Technical Debt  Methaphor via an Exploratory Study},
	Year = {2011},
	Address = {UFPE},
}

@article{eisenberg,
	Author = {R. J. Eisenberg},
	Title = {A threshold based approach to technical debt},
	Year = {2012},
	Address = {ACM SIGSOFT Softw. Eng. Notes},
}

@manual{decreto200,
	Author = {Brasil},
	Title = {Decreto-Lei nº 200},
	Year = {1967},
	URL = {http://www.planalto.gov.br/ccivil_03/decreto-lei/Del0200compilado.htm},
}

@article{decreto2271,
	Author = {Brasil},
	Title = {Decreto nº 2.271},
	Year = {1997},
	URL = {http://www.planalto.gov.br/ccivil_03/decreto/d2271.htm},
}

@article{td,
	Author = {Tiago Assuncao and Iago Gonçalves},
	Title = {Gestão do débito técnico na Administração Pública Federal},
	Year = {2015},
	Address = {5º WORKSHOP BRASILEIRO SOBRE MÉTODOS ÁGEIS},
}

@article{fenton,
	Author = {Norman Fenton and James Bieman},
	Title = {Software Metrics: A Rigorous and Practical Approach},
	Year = {2015},
	Address = {3º edição metricas Editora},
}

@article{egon,
	Author = {Rini van Solingen and Egon Berghout},
	Title = {The Goal/Question/Metric Method: A Practial Guide for Quality Improvement of Software Development},
	Year = {1999},
	Address = {England},
}

@article{basiliRombach,
	Author = {Victor Basili and Dieter Rombach},
	Title = {Goal Question Metric Paradigm},
	Year = {1994},
	Address = {University of Maryland, Washington D.C.a},
}

@article{basiliweiss,
	Author = {Victor Basili and David Weiss},
	Title = {A Methodology for Collecting Valid Software Engineering Data},
	Year = {1984},
	Address = {IEEE Transactions of Software Engineering},
}

@article{fentonpfleeger,
	Author = {Norman Fenton and Shari Lawrence Pfleeger},
	Title = {Software Metrics: A Rigorous and Practical Approach},
	Year = {1996},
	Address = {International Thomson Computer Press},
}

@article{pfleeger,
	Author = {Shari Lawrence Pfleeger},
	Title = {Software Engineering: The Production of Quality Software},
	Year = {1991},
	Address = {Macmillan USA},
}
